@article{bergman2008exascale,
  title={Exascale computing study: Technology challenges in achieving exascale systems},
  author={Bergman, Keren and Borkar, Shekhar and Campbell, Dan and Carlson, William and Dally, William and Denneau, Monty and Franzon, Paul and Harrod, William and Hill, Kerry and Hiller, Jon and others},
  journal={Defense Advanced Research Projects Agency Information Processing Techniques Office (DARPA IPTO), Tech. Rep},
  volume={15},
  year={2008}
}

@inproceedings {Spartan,
author = {Chien-Chin Huang and Qi Chen and Zhaoguo Wang and Russell Power and Jorge Ortiz and Jinyang Li and Zhen Xiao},
title = {Spartan: A Distributed Array Framework with Smart Tiling},
booktitle = {2015 {USENIX} Annual Technical Conference ({USENIX} {ATC} 15)},
year = {2015},
isbn = {978-1-931971-225},
address = {Santa Clara, CA},
pages = {1--15},
url = {https://www.usenix.org/conference/atc15/technical-session/presentation/huang-chien-chin},
publisher = {{USENIX} Association},
month = jul,
}

@poster{WeiDistObj,
author = {Weile Wei and Maxwell Reeser and Hartmut Kaiser and Adrian Serio and Avah Banerjee and Rod Tohid},
title = {Distributed Object Abstraction in HPX},
year = {2019},
url = {http://stellar.cct.lsu.edu/pubs/wei_rmacc19_dist_obj_poster.pdf},
publisher = { Rocky Mountain Advanced Computing Consortium HPC Symposium 2019},
month = may}

@InProceedings{Heller2017,
	Title        = {{HPX -- An open source C++ Standard Library for Parallelism 
	and Concurrency}},
	Author       = {Thomas Heller and Patrick Diehl and Zachary Byerly and 
	John Biddiscombe and Hartmut Kaiser},
	Booktitle    = {{Proceedings of OpenSuCo 2017, Denver, Colorado USA, 
	November 2017 (OpenSuCo’17)}},
	Year         = {2017},
	Pages        = {5},
	Owner        = {p108903},
	Timestamp    = {2017.11.16}
}

@INPROCEEDINGS{UPCXX,
	author={J. {Bachan} and S. B. {Baden} and S. {Hofmeyr} and M. {Jacquelin} and A. {Kamil} and D. {Bonachea} and P. H. {Hargrove} and H. {Ahmed}},
	booktitle={2019 IEEE International Parallel and Distributed Processing Symposium (IPDPS)},
	title={UPC++: A High-Performance Communication Framework for Asynchronous Computation},
	year={2019},
	volume={},
	number={},
	pages={963-973},
	keywords={application program interfaces;C++ language;message passing;parallel processing;power aware computing;remote procedure calls;distributed hash table;sparse solver component;UPC++ implementation;programmer productivity;asynchronous computation;asynchronous communication framework;microbenchmark performance results;MPI-3 RMA;Cray XC40 UPC;high performance computation;Remote Memory Access;high performance communication framework;remote procedure call;RPC;asynchrony management;C++ library;Asynchronous;PGAS;RMA;RPC;Exascale},
	doi={10.1109/IPDPS.2019.00104},
	ISSN={1530-2075},
	month={May},}

@INPROCEEDINGS{Phylanx,
	author={R. {Tohid} and B. {Wagle} and S. {Shirzad} and P. {Diehl} and A. {Serio} and A. {Kheirkhahan} and P. {Amini} and K. {Williams} and K. {Isaacs} and K. {Huck} and S. {Brandt} and H. {Kaiser}},
	booktitle={2018 IEEE/ACM 4th International Workshop on Extreme Scale Programming Models and Middleware (ESPM2)},
	title={Asynchronous Execution of Python Code on Task-Based Runtime Systems},
	year={2018},
	volume={},
	number={},
	pages={37-45},
	keywords={linear algebra;parallel programming;program compilers;Python;software libraries;trees (mathematics);asynchronous execution;task-based runtime system;machine learning;artificial intelligence;linear algebra libraries;high level programming abstractions;asynchronous array processing toolkit;NumPy operations;high performance computing resources;Phylanx;Python code execution;parallel computing;distributed computing;dependency tree;HPX system;Python;Libraries;Machine learning;Task analysis;Runtime;C++ languages;Message systems;Array-computing,-Asynchronous,-High-Performance-Computing,-HPX,-Python,-Runtime-systems},
	doi={10.1109/ESPM2.2018.00009},
	ISSN={null},
	month={Nov},}

@INPROCEEDINGS{blaze,
	author={K. {Iglberger} and G. {Hager} and J. {Treibig} and U. {Rüde}},
	booktitle={2012 International Conference on High Performance Computing Simulation (HPCS)},
	title={High performance smart expression template math libraries},
	year={2012},
	volume={},
	number={},
	pages={367-373},
	keywords={C++ language;libraries;linear algebra;mathematics computing;simulation;software maintenance;software packages;user interfaces;smart expression template;linear algebra libraries;numerical packages;simulation packages;large scale simulation;software maintenance;software modification;software framework;C++ expression templates;intuitive user interface;HPC-grade performance;C++ math libraries;Libraries;Vectors;Kernel;Benchmark testing;Optimization;Standards;Syntactics},
	doi={10.1109/HPCSim.2012.6266939},
	ISSN={null},
	month={July},}